@Comment An academic article
@Article{Ansc73Grap,
  author       = {F. J. Anscombe},
  title        = {Graphs in Statistical Analysis},
  journal      = {The American Statistician},
  year         = 1973,
  volume       = 27,
  pages        = {17-21},
  url          = {http://www.jstor.org/stable/2682899}
}

@Comment a newspaper article. We abuse the "year" a bit to give us a date
@Article{Space2021,
  author       = {Space, Phil},
  year         = {26 February 2021},
  title        = {Why oh why must {I} do this project?},
  journal      = {The Daily Post},
  url          = {https://www.dailypost.com},
  note         = {Retrieved on 28 February 2021}
}

